@Book{Geron,
author = {Aurélien Géron},
title = {Hands-On Machine learning with Scikit-Learn, Keras \& TensorFlow},
publisher = {O'REILLY},
year = {2019},
edition = {2nd},
month = {September},
}

@Misc{kaggle_dataset_UECFOOD256,
key  = {kaggle link},
note = {https://www.kaggle.com/datasets/rkuo2000/uecfood256},
}

@inproceedings{kaggle_dataset_FOOD101,
  title = {Food-101 -- Mining Discriminative Components with Random Forests},
  author = {Bossard, Lukas and Guillaumin, Matthieu and Van Gool, Luc},
  booktitle = {European Conference on Computer Vision},
  year = {2014}
}

